@article{journals/corr/ZhangZL016,
  added-at = {2018-08-13T00:00:00.000+0200},
  author = {Zhang, Kaipeng and Zhang, Zhanpeng and Li, Zhifeng and Qiao, Yu},
  biburl = {https://www.bibsonomy.org/bibtex/2cb30cae14cadf9fdcea98de19be7783f/dblp},
  ee = {http://arxiv.org/abs/1604.02878},
  interhash = {ce5e9a48577b5b6129090e8a8d0dee17},
  intrahash = {cb30cae14cadf9fdcea98de19be7783f},
  journal = {CoRR},
  keywords = {dblp},
  timestamp = {2018-08-14T13:19:53.000+0200},
  title = {Joint Face Detection and Alignment using Multi-task Cascaded Convolutional Networks.},
  url = {http://dblp.uni-trier.de/db/journals/corr/corr1604.html#ZhangZL016},
  volume = {abs/1604.02878},
  year = 2016
}

@inproceedings{conf/btas/DouZWSK15,
  added-at = {2019-09-25T00:00:00.000+0200},
  author = {Dou, Pengfei and Zhang, Lingfeng and Wu, Yuhang and Shah, Shishir K. and Kakadiaris, Ioannis A.},
  biburl = {https://www.bibsonomy.org/bibtex/2e412a859786d2ffa31ae2a33a43abffc/dblp},
  booktitle = {BTAS},
  crossref = {conf/btas/2015},
  ee = {https://doi.org/10.1109/BTAS.2015.7358788},
  interhash = {2634f8d17045fb1b4bc9c684c84a8e08},
  intrahash = {e412a859786d2ffa31ae2a33a43abffc},
  isbn = {978-1-4799-8776-4},
  keywords = {dblp},
  pages = {1-8},
  publisher = {IEEE},
  timestamp = {2019-09-26T14:05:45.000+0200},
  title = {Pose-robust face signature for multi-view face recognition.},
  url = {http://dblp.uni-trier.de/db/conf/btas/btas2015.html#DouZWSK15},
  year = 2015
}

@inproceedings{conf/aaai/LuoZLWT16,
  added-at = {2019-12-10T00:00:00.000+0100},
  author = {Luo, Ping and Zhu, Zhenyao and Liu, Ziwei and Wang, Xiaogang and Tang, Xiaoou},
  biburl = {https://www.bibsonomy.org/bibtex/2cc6c223511167da576816ce86261bd62/dblp},
  booktitle = {AAAI},
  crossref = {conf/aaai/2016},
  editor = {Schuurmans, Dale and Wellman, Michael P.},
  ee = {http://www.aaai.org/ocs/index.php/AAAI/AAAI16/paper/view/11977},
  interhash = {100bbbc43ba6350bf33da6895e362f34},
  intrahash = {cc6c223511167da576816ce86261bd62},
  isbn = {978-1-57735-760-5},
  keywords = {dblp},
  pages = {3560-3566},
  publisher = {AAAI Press},
  timestamp = {2019-12-11T11:41:29.000+0100},
  title = {Face Model Compression by Distilling Knowledge from Neurons.},
  url = {http://dblp.uni-trier.de/db/conf/aaai/aaai2016.html#LuoZLWT16},
  year = 2016
}




@inproceedings{conf/aaai/LuoZLWT16,
  added-at = {2019-12-10T00:00:00.000+0100},
  author = {Luo, Ping and Zhu, Zhenyao and Liu, Ziwei and Wang, Xiaogang and Tang, Xiaoou},
  biburl = {https://www.bibsonomy.org/bibtex/2cc6c223511167da576816ce86261bd62/dblp},
  booktitle = {AAAI},
  crossref = {conf/aaai/2016},
  editor = {Schuurmans, Dale and Wellman, Michael P.},
  ee = {http://www.aaai.org/ocs/index.php/AAAI/AAAI16/paper/view/11977},
  interhash = {100bbbc43ba6350bf33da6895e362f34},
  intrahash = {cc6c223511167da576816ce86261bd62},
  isbn = {978-1-57735-760-5},
  keywords = {dblp},
  pages = {3560-3566},
  publisher = {AAAI Press},
  timestamp = {2019-12-11T11:41:29.000+0100},
  title = {Face Model Compression by Distilling Knowledge from Neurons.},
  url = {http://dblp.uni-trier.de/db/conf/aaai/aaai2016.html#LuoZLWT16},
  year = 2016
}


